@article{human-randomness,
  title={Generation of random sequences by human subjects: A critical survey of literature},
  author={Wagenaar, Willem A.},
  journal={Psychological Bulletin},
  volume={77},
  number={1},
  pages={65--72},
  year={1972},
  doi={10.1037/h0032060}
}

@misc{prng,
  author={Tom Kennedy},
  title={Math 577-002 - Monte Carlo Methods},
  year={2016},
  note={Available at \url{https://math.arizona.edu/~tgk/mc/book_chap3.pdf}},
  url={https://math.arizona.edu/~tgk/mc/book_chap3.pdf}
}

@misc{one-way-function,
  title={One-way function},
  author={{Wikipedia contributors}},
  year={2024},
  note={Accessed: 2024-12-20},
  howpublished={\url{https://en.wikipedia.org/wiki/One-way_function}}
}

@techreport{nist-sp800-90,
  author = {Elaine Barker and John Kelsey},
  institution = {National Institute of Standards and Technology},
  title = {Recommendation for Random Number Generation Using Deterministic Random Bit Generators},
  year = {2007},
}

@misc{wang2018ecdsa,
  author = {Jun Wang},
  title = {ECDSA and Bitcoin II},
  year = {2018},
  url = {https://jun-wang-2018.github.io/MyBlog/en/ECDSA-and-Bitcoin-II/},
  note = {Accessed: 2024-12-20}
}

@misc{elliptic_curve_cryptography,
  author = {{Wikipedia contributors}},
  title = {Elliptic-curve cryptography},
  year = {2024},
  howpublished = {\url{https://en.wikipedia.org/wiki/Elliptic-curve_cryptography}},
  note = {Accessed: 2024-12-20}
}

@misc{enigbe_elliptic_curve_dlp,
  author = {Enigbe},
  title = {About Elliptic Curves and DLP},
  year = {2024},
  howpublished = {\url{https://enigbe.medium.com/about-elliptic-curves-and-dlp-ed76c5e27497#:~:text=Formally%2C%20the%20elliptic%20curve%20discrete,with%20e%2C%20i.e.%20eG%2C%20produces}},
  note = {Accessed: 2024-12-20}
}

@misc{ecdsa,
  author = {Shneier, Bruce},
  title = {Did NSA Put a Secret Backdoor in New Encryption Standard??},
  year = {2007},
  howpublished = {\url{https://web.archive.org/web/20140621062515/http://archive.wired.com/politics/security/commentary/securitymatters/2007/11/securitymatters_1115}},
  note = {Accessed: 2024-12-20}
}

@article{comments-on-dual-ec-drbg,
  author = {Gjøsteen, Kristian},
  year = {2006},
  month = {04},
  pages = {},
  title = {Comments on Dual-EC-DRBG/NIST SP 800-90, Draft December 2005}
}

@misc{backdoor,
  author = {Shumow, Daniel and Ferguson, Niels},
  title = {On the Possibility of a Back Door in the NIST SP800-90 Dual Ec Prng},
  year = {2007},
  howpublished = {\url{https://web.archive.org/web/20160818212201/http://rump2007.cr.yp.to/15-shumow.pdf}},
  note = {Accessed: 2024-12-20}
}

@misc{dual-ec-drbg-backdoor,
  author = {{Wikipedia contributors}},
  title = {Dual {EC} {DRBG} },
  year = {2024},
  howpublished = {\url{https://en.wikipedia.org/wiki/Dual_EC_DRBG}},
  note = {Accessed: 2024-12-20}
}

@misc{green-2013-dualec-flaws,
  author = {Green, Matthew},
  title = {The Many Flaws of Dual{EC}{DRBG}},
  year = {2013},
  howpublished = {\url{https://web.archive.org/web/20160820174502/http://blog.cryptographyengineering.com/2013/09/the-many-flaws-of-dualecdrbg.html}},
  note = {Accessed: 2024-12-20}
}

@article{secure-randomness,
  author = {Daniel R. L. Brown and Kristian Gjøsteen},
  title = {A Security Analysis of the NIST SP 800-90 Elliptic Curve Random Number Generator},
  year = {2007}
}

@techreport{nist_dualec_analysis,
  author = {{National Institute of Standards and Technology (NIST)}},
  title = {Dual {EC} in {X9.82} and {SP}800-90: A {Technical} {Analysis}},
  year = {2014},
  institution = {National Institute of Standards and Technology},
  howpublished = {\url{https://csrc.nist.gov/csrc/media/projects/crypto-standards-development-process/documents/dualec_in_x982_and_sp800-90.pdf}},
  note = {Accessed: 2024-12-20}
}

@misc{sagemath,
  author       = {The Sage Developers},
  title        = {SageMath, the Sage Mathematics Software System},
  year         = 2024,
  note         = {http://www.sagemath.org}
}